% Encoding: UTF-8
@book{VRBook,
 author = {Jerald, Jason},
 title = {The VR Book: Human-Centered Design for Virtual Reality},
 year = {2016},
 isbn = {978-1-97000-112-9},
 publisher = {Association for Computing Machinery \& Morgan und Claypool},
 address = {New York, NY, USA},
}

@Misc{website:HTC_Vive,
  author       = {HTC},
  title        = {HTC Vive},
  howpublished = {\url{https://www.vive.com/}},
  note         = {Visited: 25. july 2017},
}

@Misc{website:Oculus,
  author       = {Oculus VR},
  title        = {Oculus Rift},
  howpublished = {\url{https://www.oculus.com/rift/}},
  note         = {Visited: 23. july 2017},
}

@Misc{website:HTC_Vive_Ready,
  author       = {{HTC}},
  title        = {{HTC Vive -- VIVE READY COMPUTERS}},
  howpublished = {\url{https://www.vive.com/eu/ready/}},
  note         = {Visited: 18. april 2017},
}

@Misc{website:Valve,
  author       = {{Valve}},
  title        = {{Valve Software}},
  howpublished = {\url{http://www.valvesoftware.com/}},
  note         = {Visited: 30. june 2017},
}

@Misc{website:mobileworldcongress,
  author       = {{Mobile World Congress}},
  title        = {{Mobile World Congress}},
  howpublished = {\url{https://www.mobileworldcongress.com/}},
  note         = {Visited: 30. june 2017},
}

@Misc{website:ovrvision,
  author       = {{Ovrvision Pro}},
  title        = {{Ovrvision Pro}},
  howpublished = {\url{http://ovrvision.com/}},
  note         = {Visited: 30. june 2017},
}

@ARTICLE{768179, 
author={R. J. Adams and B. Hannaford}, 
journal={IEEE Transactions on Robotics and Automation}, 
title={Stable haptic interaction with virtual environments}, 
year={1999}, 
volume={15}, 
number={3}, 
pages={465-474}, 
keywords={absolute stability;force feedback;haptic interfaces;mechanical stability;virtual reality;absolute stability;admittance models;force feedback;haptic display;haptic interface;impedance control;linear circuit theory;virtual coupling network;virtual environments;virtual reality;Admittance;Circuit simulation;Circuit stability;Coupling circuits;Displays;Haptic interfaces;Impedance;Linear circuits;Sufficient conditions;Virtual environment}, 
doi={10.1109/70.768179}, 
ISSN={1042-296X}, 
month={Jun},}

@inproceedings{Bowman,
 author = {Bowman, Doug A. and Hodges, Larry F.},
 title = {An Evaluation of Techniques for Grabbing and Manipulating Remote Objects in Immersive Virtual Environments},
 booktitle = {Proceedings of the 1997 Symposium on Interactive 3D Graphics},
 series = {I3D '97},
 year = {1997},
 isbn = {0-89791-884-3},
 location = {Providence, Rhode Island, USA},
 pages = {35--ff.},
 url = {http://doi.acm.org/10.1145/253284.253301},
 doi = {10.1145/253284.253301},
 acmid = {253301},
 publisher = {ACM},
 address = {New York, NY, USA},
}

@Misc{website:Unity,
  author       = {{Unity Technologies}},
  title        = {{Unity}},
  howpublished = {\url{https://unity3d.com/de}},
  note         = {Visited: 8. july 2017},
}

@Misc{website:UnityPR,
  author       = {{Unity Technologies}},
  title        = {{Unity -- Public Relations}},
  howpublished = {\url{https://unity3d.com/public-relations}},
  note         = {Visited: 14. july 2017},
}

@Misc{website:UnityMultiPlatform,
  author       = {{Unity Technologies}},
  title        = {{Unity -- Multiplatform}},
  howpublished = {\url{https://unity3d.com/unity/multiplatform}},
  note         = {Visited: 14. july 2017},
}

@Misc{website:UnityVRoverview,
  author       = {{Unity Technologies}},
  title        = {{Unity -- VR Overview}},
  howpublished = {\url{https://unity3d.com/de/learn/tutorials/topics/virtual-reality/vr-overview}},
  note         = {Visited: 14. july 2017},
}

@Misc{website:webVR,
  author       = {{Mozilla}},
  title        = {{Introducing the WebVR 1.0 API Proposal}},
  howpublished = {\url{https://hacks.mozilla.org/2016/03/introducing-the-webvr-1-0-api-proposal/}},
  note         = {Visited: 20. july 2017},
}

@Misc{website:VisuStud,
  author       = {{Microsoft}},
  title        = {{Introducing Visual Studio}},
  howpublished = {\url{https://msdn.microsoft.com/en-us/library/fx6bk1f4(v=vs.90).aspx}},
  note         = {Visited: 18. july 2017},
}


@phdthesis{haas2014history,
  title={A History of the Unity Game Engine},
  author={Haas, John},
  school={Worcester Polytechnic Institute}
}

@Misc{website:steamVR,
  author       = {{Steam}},
  title        = {{Steam VR Internetauftritt}},
  howpublished = {\url{http://store.steampowered.com/steamvr?l=german}},
  note         = {Visited: 21. april 2017},
}

@Misc{website:Lighthouses,
  author       = {Doc-Ok.org},
  title        = {Lighthouse tracking examined},
  howpublished = {\url{http://doc-ok.org/?p=1478}},
  note         = {Visited: 30. june 2017},
}
{website:steam,
  author = {{Steam}},
  title = {{The Lab}},
  howpublished = {\url{http://store.steampowered.com/app/450390/}},
  note = {Visted: 28. March 2017}

@Misc{website:Ray,
  author       = {Unity Documentation},
  title        = {Ray},
  howpublished = {\url{https://docs.unity3d.com/ScriptReference/Ray.html}},
  note         = {Visited: 16. july 2017},
}

@Misc{website:SetParent,
  author       = {Unity Documentation},
  title        = {Transform.SetParent},
  howpublished = {\url{https://docs.unity3d.com/ScriptReference/Transform.SetParent.html}},
  note         = {Visited: 16. july 2017},
}

@Misc{website:SphereCollider,
  author       = {Unity Documentation},
  title        = {SphereCollider},
  howpublished = {\url{https://docs.unity3d.com/ScriptReference/SphereCollider.html}},
  note         = {Visited: 16. july 2017},
}

@Misc{website:BoxCollider,
  author       = {Unity Documentation},
  title        = {BoxCollider},
  howpublished = {\url{https://docs.unity3d.com/ScriptReference/BoxCollider.html}},
  note         = {Visited: 12. july 2017},
}

@Misc{website:TU,
  author       = {{Technische Hochschule Chemnitz}},
  title        = {{Human-Machine Interaction Lab}},
  howpublished = {\url{https://www.tu-chemnitz.de/mb/ArbeitsWiss/forschung/labore/human_machine_interaction_lab}},
  note         = {Visited: 28. june 2017},
}

@article{lin2016towards,
  title={Towards Naturally Grabbing and Moving Objects in VR},
  author={Lin, Jonathan and Schulze, J{\"u}rgen P},
  journal={Electronic Imaging},
  volume={2016},
  number={4},
  pages={1--6},
  year={2016},
  publisher={Society for Imaging Science and Technology}
}

@Misc{eriksson2016reaching,
  author = {Eriksson, Mikael},
  title  = {Reaching out to grasp in virtual reality: A qualitative usability evaluation of interaction techniques for selection and manipulation in a vr game},
  year   = {2016},
}

@Article{POUPYREV199919,
  author  = {IVAN POUPYREV and TADAO ICHIKAWA},
  title   = {Manipulating Objects in Virtual Worlds: Categorization and Empirical Evaluation of Interaction Techniques},
  journal = {Journal of Visual Languages \& Computing},
  year    = {1999},
  volume  = {10},
  number  = {1},
  pages   = {19 - 35},
  doi     = {http://dx.doi.org/10.1006/jvlc.1998.0112},
  issn    = {1045-926X},
  url     = {http://www.sciencedirect.com/science/article/pii/S1045926X98901124},
}

@InProceedings{lee2003evaluation,
  author    = {Lee, Sangyoon and Seo, Jinseok and Kim, Gerard J and Park, Chan-Mo},
  title     = {Evaluation of pointing techniques for ray casting selection in virtual environments},
  booktitle = {Third international conference on virtual reality and its application in industry},
  year      = {2003},
  volume    = {4756},
  number    = {1},
  pages     = {38--44},
}

@Misc{asset_food1,
  author       = {OneCoinGames},
  title        = {Unity Asset Store: Food \& Grocery Items - Low Poly},
  howpublished = {\url{https://www.assetstore.unity3d.com/en/#!/content/75494}},
  note         = {Released: november 2016, Visited: 3. may 2017},
  url          = {https://www.assetstore.unity3d.com/en/#!/content/75494},
}

@Misc{asset_food2,
  author       = {Lucie Lescuyer},
  title        = {Unity Asset Store: FREE Food Pack},
  howpublished = {\url{https://www.assetstore.unity3d.com/en/#!/content/85884}},
  note         = {Released: april 2017, Visited: 3. may 2017},
  url          = {https://www.assetstore.unity3d.com/en/#!/content/85884},
}

@Misc{asset_VRTK,
  author       = {Sysdia Solutions Ltd},
  title        = {Unity Asset Store: VRTK - Virtual Reality Toolkit - [ VR Toolkit ]},
  howpublished = {\url{https://www.assetstore.unity3d.com/en/#!/content/64131}},
  note         = {Released: June 2016, Visited: 17. may 2017},
  url          = {https://www.assetstore.unity3d.com/en/#!/content/64131},
}

@Misc{VRTK,
  author = {Sysdia Solutions Ltd},
  title  = {VRTK - Virtual Reality Toolkit (Read me)},
  note   = {Visited: 17. may 2017},
  url    = {https://vrtoolkit.readme.io/},
}

@Misc{asset_box,
  author       = {Hit Jones},
  title        = {Unity Asset Store: Realistic Cardboard Boxes (PBR, HQ)},
  howpublished = {\url{https://www.assetstore.unity3d.com/en/#!/content/58749}},
  note         = {Released: march 2016, Visited: 17. may 2017},
  url          = {https://www.assetstore.unity3d.com/en/#!/content/58749},
}


@article{6sus,
  title={SUS-A quick and dirty usability scale},
  author={Brooke, John and others},
  journal={Usability evaluation in industry},
  volume={189},
  number={194},
  pages={4--7},
  year={1996},
  publisher={London, United kingdom}
}

@article{ssq,
  title={Simulator sickness questionnaire: An enhanced method for quantifying simulator sickness},
  author={Kennedy, Robert S and Lane, Norman E and Berbaum, Kevin S and Lilienthal, Michael G},
  journal={The international journal of aviation psychology},
  volume={3},
  number={3},
  pages={203--220},
  year={1993},
  publisher={Taylor \& Francis}
}

@Comment{jabref-meta: databaseType:bibtex;}
